@misc{agpl,
  title={GNU AFFERO GENERAL PUBLIC LICENSE},
  author={GNU},
  url={https://www.gnu.org/licenses/agpl-3.0.en.html},
  year={2007}
}
